[gd_scene load_steps=3 format=3 uid="uid://d3ba0510c13vm"]

[ext_resource type="Theme" uid="uid://cmnypy3rg8c74" path="res://themes/options_theme.tres" id="1_uyykx"]
[ext_resource type="Script" path="res://screens/options_screen.gd" id="2_pnafb"]

[node name="Options Screen" type="MarginContainer"]
anchors_preset = 15
anchor_right = 1.0
anchor_bottom = 1.0
grow_horizontal = 2
grow_vertical = 2
theme = ExtResource("1_uyykx")
script = ExtResource("2_pnafb")

[node name="Panel" type="Panel" parent="."]
layout_mode = 2

[node name="Title" type="Label" parent="Panel"]
layout_mode = 1
anchors_preset = -1
anchor_left = 0.5
anchor_top = 0.05
anchor_right = 0.5
anchor_bottom = 0.05
offset_left = -20.0
offset_right = 20.0
offset_bottom = 23.0
grow_horizontal = 2
theme_type_variation = &"TitleLabel"
text = "Options"
horizontal_alignment = 1

[node name="ScrollContainer" type="ScrollContainer" parent="Panel"]
layout_mode = 1
anchors_preset = -1
anchor_left = 0.1
anchor_top = 0.25
anchor_right = 0.9
anchor_bottom = 0.75
metadata/_edit_use_anchors_ = true

[node name="Options Container" type="VBoxContainer" parent="Panel/ScrollContainer"]
layout_mode = 2
size_flags_horizontal = 3
size_flags_vertical = 3

[node name="Main Volume Container" type="HBoxContainer" parent="Panel/ScrollContainer/Options Container"]
layout_mode = 2

[node name="Main Vollume Label" type="Label" parent="Panel/ScrollContainer/Options Container/Main Volume Container"]
layout_mode = 2
text = "Main Volume"

[node name="Main Volume Spacer" type="Control" parent="Panel/ScrollContainer/Options Container/Main Volume Container"]
custom_minimum_size = Vector2(64, 0)
layout_mode = 2

[node name="Main Volumn Slider" type="HSlider" parent="Panel/ScrollContainer/Options Container/Main Volume Container"]
layout_mode = 2
size_flags_horizontal = 3
size_flags_vertical = 1
max_value = 10.0

[node name="Back Button" type="Button" parent="Panel"]
layout_mode = 1
anchors_preset = -1
anchor_left = 0.3
anchor_top = 0.85
anchor_right = 0.4
anchor_bottom = 0.85
offset_right = 8.0
offset_bottom = 8.0
text = "Back"
metadata/_edit_use_anchors_ = true

[node name="Save Button" type="Button" parent="Panel"]
layout_mode = 1
anchors_preset = -1
anchor_left = 0.6
anchor_top = 0.85
anchor_right = 0.7
anchor_bottom = 0.85
offset_right = 8.0
offset_bottom = 8.0
text = "Save"
metadata/_edit_use_anchors_ = true

[connection signal="value_changed" from="Panel/ScrollContainer/Options Container/Main Volume Container/Main Volumn Slider" to="." method="_on_main_volumn_slider_value_changed"]
[connection signal="pressed" from="Panel/Back Button" to="." method="_on_back_button_pressed"]
[connection signal="pressed" from="Panel/Save Button" to="." method="_on_save_button_pressed"]
